--------------------------------------------------------------------------------

@online{website:chumak,
  title        = {chumak -- Pure Erlang implementation of ZeroMQ Message Transport Protocol},
  url          = {https://github.com/zeromq/chumak},
  year         = {2019},
  lastaccessed = {14 January 2020}
}

@online{website:dropwizard,
  title        = {Dropwizard},
  url          = {https://www.dropwizard.io/},
  year         = {2019},
  lastaccessed = {14 January 2020}
}

@online{website:erlang,
  title        = {Erlang Programming Language},
  url          = {https://www.erlang.org/},
  year         = {2020},
  lastaccessed = {14 January 2020}
}

@online{website:gpb,
  title        = {gpb -- A Google Protobuf implementation for Erlang},
  url          = {https://github.com/tomas-abrahamsson/gpb},
  year         = {2020},
  lastaccessed = {14 January 2020}
}

@online{website:jeromq,
  title        = {JeroMQ -- Pure Java implementation of libzmq},
  url          = {https://github.com/zeromq/jeromq},
  year         = {2019},
  lastaccessed = {14 January 2020}
}

@online{website:protobuf,
  title        = {Protocol Buffers},
  url          = {https://developers.google.com/protocol-buffers},
  year         = {2020},
  lastaccessed = {14 January 2020}
}

@online{website:zeromq,
  title        = {ZeroMQ -- An open-source universal messaging library},
  url          = {https://zeromq.org/},
  year         = {2020},
  lastaccessed = {14 January 2020}
}

--------------------------------------------------------------------------------
